
@misc{en2020efectos,
  title={Efectos de la crisisde la COVID-19 en la calidad del aire urbano en Espa{\~n}a},
  author={en Acci{\'o}n, Ecologistas},
  year={2020}
}
@article{cantos2020aspectos,
  title={Aspectos atmosf{\'e}ricos y clim{\'a}ticos en la expansi{\'o}n de la pandemia (COVID-19) en la provincia de Alicante},
  author={Cantos, Jorge Olcina and Biener, Samuel and Talavera, Javier Mart{\'\i}},
  journal={Investigaciones Geogr{\'a}ficas},
  number={73},
  pages={275--297},
  year={2020},
  publisher={Instituto Interuniversitario de Geograf{\'\i}a}
}
